<?xml version="1.0" encoding="UTF-8"?><record xmlns="http://www.loc.gov/MARC21/slim" xmlns:cinclude="http://apache.org/cocoon/include/1.0" xmlns:zs="http://www.loc.gov/zing/srw/">
  <leader>00394nz  a2200121n  4500</leader>
  <controlfield tag="001">n 2011006885</controlfield>
  <controlfield tag="003">DLC</controlfield>
  <controlfield tag="005">20110202074939.0</controlfield>
  <controlfield tag="008">110201n| acannaabn          |n aaa      </controlfield>
  <datafield tag="010" ind1=" " ind2=" ">
    <subfield code="a">n 2011006885</subfield>
  </datafield>
  <datafield tag="040" ind1=" " ind2=" ">
    <subfield code="a">DLC</subfield>
    <subfield code="b">eng</subfield>
    <subfield code="c">DLC</subfield>
  </datafield>
  <datafield tag="100" ind1="1" ind2=" ">
    <subfield code="a">Hellweg, John</subfield>
  </datafield>
  <datafield tag="670" ind1=" " ind2=" ">
    <subfield code="a">Two plays by Denis Diderot, 2011:</subfield>
    <subfield code="b">ECIP t.p. (John Hellweg) data view (actor, director, and professor emeritus of theatre at Smith College)</subfield>
  </datafield>
</record>